@book{Marko17,
  author    = {Marko Lukša},
  publisher = {Manning Publications},
  title     = {Kubernetes in Action},
  year      = {2017},
  pages     = {3-513},
  isbn      = {978-1-617-29372-6},
}

@book{Alan15,
  author    = {Alan A. A. Donovan · Brian W. Kernighan},
  publisher = {Addison-Wesley},
  title     = {The Go Programming Language},
  year      = {2015},
  pages     = {xiii-307},
  isbn      = {978-0-134-19044-0},
}

@misc{RedHatKubOp,
  author = {{Red Hat}},
  title = {What is a Kubernetes operator?},
  howpublished = {\url{https://www.redhat.com/en/topics/containers/what-is-a-kubernetes-operator}},
  note = {(Hozzáférés dátuma: 2023 május 31.)}
}

@misc{KinD,
  author = {{The Kubernetes Authors}},
  title = {kind - Initial design},
  howpublished = {\url{https://kind.sigs.k8s.io/docs/design/initial/}},
  note = {(Hozzáférés dátuma: 2023 május 31.)}
}

@misc{helm,
  author = {{Jacob Schmitt}},
  title = {What is Helm? A complete guide},
  howpublished = {\url{https://circleci.com/blog/what-is-helm/}},
  note = {(Hozzáférés dátuma: 2023 május 31.)}
}

@misc{istioSM,
  author = {{Istio}},
  title = {The Istio service mesh},
  howpublished = {\url{https://istio.io/latest/about/service-mesh/}},
  note = {(Hozzáférés dátuma: 2023 május 31.)}
}

@misc{banzaicloudOp,
  author = {{Cisco}},
  title = {Istio operator - Banzai Cloud},
  howpublished = {\url{https://banzaicloud.com/products/istio-operator/}},
  note = {(Hozzáférés dátuma: 2023 május 31.)}
}

@misc{multicluster,
  author = {{Traefik Labs}},
  title = {Understanding Multi-Cluster Kubernetes: Architecture, Benefits, and Challenges},
  howpublished = {\url{https://traefik.io/glossary/understanding-multi-cluster-kubernetes/}},
  note = {(Hozzáférés dátuma: 2023 május 31.)}
}

@misc{cloudComp,
  author = {{Kev Zettler}},
  title = {What is cloud computing? An overview of the cloud},
  howpublished = {\url{https://www.atlassian.com/microservices/cloud-computing}},
  note = {(Hozzáférés dátuma: 2023 május 31.)}
}

@misc{git,
  author = {{GitHub Docs}},
  title = {About Git},
  howpublished = {\url{https://docs.github.com/en/get-started/using-git/about-git}},
  note = {(Hozzáférés dátuma: 2023 május 31.)}
}

@misc{github,
  author = {{GitHub Docs}},
  title = {Understanding GitHub Actions},
  howpublished = {\url{https://docs.github.com/en/actions/learn-github-actions/understanding-github-actions}},
  note = {(Hozzáférés dátuma: 2023 május 31.)}
}